@misc{qiskit2024,
      title={Quantum computing with {Q}iskit},
      author={Javadi-Abhari, Ali and Treinish, Matthew and Krsulich, Kevin and Wood, Christopher J. and Lishman, Jake and Gacon, Julien and Martiel, Simon and Nation, Paul D. and Bishop, Lev S. and Cross, Andrew W. and Johnson, Blake R. and Gambetta, Jay M.},
      year={2024},
      doi={10.48550/arXiv.2405.08810},
      eprint={2405.08810},
      archivePrefix={arXiv},
      primaryClass={quant-ph}
}

@article{sivarajah2020t,
  title={$t|ket\rangle$: a retargetable compiler for NISQ devices},
  author={Sivarajah, Seyon and Dilkes, Silas and Cowtan, Alexander and Simmons, Will and Edgington, Alec and Duncan, Ross},
  journal={Quantum Science and Technology},
  volume={6},
  number={1},
  pages={014003},
  year={2020},
  publisher={IOP Publishing}
}

@article{cowtan2019phase,
  title={Phase gadget synthesis for shallow circuits},
  author={Cowtan, Alexander and Dilkes, Silas and Duncan, Ross and Simmons, Will and Sivarajah, Seyon},
  journal={arXiv preprint arXiv:1906.01734},
  year={2019}
}

@inproceedings{lao20222qan,
  title={2qan: A quantum compiler for 2-local qubit hamiltonian simulation algorithms},
  author={Lao, Lingling and Browne, Dan E},
  booktitle={Proceedings of the 49th Annual International Symposium on Computer Architecture},
  pages={351--365},
  year={2022}
}

@inproceedings{paykin2023pcoast,
  title={PCOAST: a Pauli-based quantum circuit optimization framework},
  author={Paykin, Jennifer and Schmitz, Albert T and Ibrahim, Mohannad and Wu, Xin-Chuan and Matsuura, Anne Y},
  booktitle={2023 IEEE International Conference on Quantum Computing and Engineering (QCE)},
  volume={1},
  pages={715--726},
  year={2023},
  organization={IEEE}
}

@article{kim2023evidence,
  title={Evidence for the utility of quantum computing before fault tolerance},
  author={Kim, Youngseok and Eddins, Andrew and Anand, Sajant and Wei, Ken Xuan and Van Den Berg, Ewout and Rosenblatt, Sami and Nayfeh, Hasan and Wu, Yantao and Zaletel, Michael and Temme, Kristan and Abhinav Kandala},
  journal={Nature},
  volume={618},
  number={7965},
  pages={500--505},
  year={2023},
  publisher={Nature Publishing Group UK London}
}


@article{arute2019quantum,
  title={Quantum supremacy using a programmable superconducting processor},
  author={Arute, Frank and Arya, Kunal and Babbush, Ryan and Bacon, Dave and Bardin, Joseph C and Barends, Rami and Biswas, Rupak and Boixo, Sergio and Brandao, Fernando GSL and Buell, David A and others},
  journal={Nature},
  volume={574},
  number={7779},
  pages={505--510},
  year={2019},
  publisher={Nature Publishing Group}
}



@article{cerezo2021variational,
  title={Variational quantum algorithms},
  author={Cerezo, Marco and Arrasmith, Andrew and Babbush, Ryan and Benjamin, Simon C and Endo, Suguru and Fujii, Keisuke and McClean, Jarrod R and Mitarai, Kosuke and Yuan, Xiao and Cincio, Lukasz and Patrick J. Coles},
  journal={Nature Reviews Physics},
  volume={3},
  number={9},
  pages={625--644},
  year={2021},
  publisher={Nature Publishing Group UK London}
}

@inproceedings{li2022paulihedral,
  title={Paulihedral: a generalized block-wise compiler optimization framework for quantum simulation kernels},
  author={Li, Gushu and Wu, Anbang and Shi, Yunong and Javadi-Abhari, Ali and Ding, Yufei and Xie, Yuan},
  booktitle={Proceedings of the 27th ACM International Conference on Architectural Support for Programming Languages and Operating Systems},
  pages={554--569},
  year={2022}
}

@inproceedings{jin2024tetris,
  title={Tetris: A Compilation Framework for VQA Applications in Quantum Computing},
  author={Jin, Yuwei and Li, Zirui and Hua, Fei and Hao, Tianyi and Zhou, Huiyang and Huang, Yipeng and Zhang, Eddy Z},
  booktitle={2024 ACM/IEEE 51st Annual International Symposium on Computer Architecture (ISCA)},
  pages={277--292},
  year={2024},
  organization={IEEE}
}

@article{grier2022classification,
  title={The Classification of Clifford Gates over Qubits},
  author={Grier, Daniel and Schaeffer, Luke},
  journal={Quantum},
  volume={6},
  pages={734},
  year={2022},
  publisher={Verein zur F{\"o}rderung des Open Access Publizierens in den Quantenwissenschaften}
}

@article{hehre1969self,
  title={Self-consistent molecular-orbital methods. I. Use of Gaussian expansions of Slater-type atomic orbitals},
  author={Hehre, Warren J and Stewart, Robert F and Pople, John A},
  journal={The Journal of Chemical Physics},
  volume={51},
  number={6},
  pages={2657--2664},
  year={1969},
  publisher={American Institute of Physics}
}

@article{sun2018pyscf,
  title={PySCF: the Python-based simulations of chemistry framework},
  author={Sun, Qiming and Berkelbach, Timothy C and Blunt, Nick S and Booth, George H and Guo, Sheng and Li, Zhendong and Liu, Junzi and McClain, James D and Sayfutyarova, Elvira R and Sharma, Sandeep and others},
  journal={Wiley Interdisciplinary Reviews: Computational Molecular Science},
  volume={8},
  number={1},
  pages={e1340},
  year={2018},
  publisher={Wiley Online Library}
}


@misc{jordan1928paulische,
  title={{\"u}ber das Paulische {\"a}quivalenzverbot. Z Phys 47: 631},
  author={Jordan, P and Wigner, E},
  year={1928}
}

@article{bravyi2002fermionic,
  title={Fermionic quantum computation},
  author={Bravyi, Sergey B and Kitaev, Alexei Yu},
  journal={Annals of Physics},
  volume={298},
  number={1},
  pages={210--226},
  year={2002},
  publisher={Elsevier}
}

@article{bruzewicz2019trapped,
  title={Trapped-ion quantum computing: Progress and challenges},
  author={Bruzewicz, Colin D and Chiaverini, John and McConnell, Robert and Sage, Jeremy M},
  journal={Applied Physics Reviews},
  volume={6},
  number={2},
  year={2019},
  publisher={AIP Publishing}
}

@article{rigetti2010fully,
  title={Fully microwave-tunable universal gates in superconducting qubits with linear couplings and fixed transition frequencies},
  author={Rigetti, Chad and Devoret, Michel},
  journal={Physical Review Bâ€”Condensed Matter and Materials Physics},
  volume={81},
  number={13},
  pages={134507},
  year={2010},
  publisher={APS}
}

@article{magesan2011scalable,
  title={Scalable and robust randomized benchmarking of quantum processes},
  author={Magesan, Easwar and Gambetta, Jay M and Emerson, Joseph},
  journal={Physical review letters},
  volume={106},
  number={18},
  pages={180504},
  year={2011},
  publisher={APS}
}

@inproceedings{li2019tackling,
  title={Tackling the qubit mapping problem for NISQ-era quantum devices},
  author={Li, Gushu and Ding, Yufei and Xie, Yuan},
  booktitle={Proceedings of the twenty-fourth international conference on architectural support for programming languages and operating systems},
  pages={1001--1014},
  year={2019}
}

@article{mooney2021whole,
  title={Whole-device entanglement in a 65-qubit superconducting quantum computer},
  author={Mooney, Gary J and White, Gregory AL and Hill, Charles D and Hollenberg, Lloyd CL},
  journal={Advanced Quantum Technologies},
  volume={4},
  number={10},
  pages={2100061},
  year={2021},
  publisher={Wiley Online Library}
}

@inproceedings{chen2024one,
  title={One Gate Scheme to Rule Them All: Introducing a Complex Yet Reduced Instruction Set for Quantum Computing},
  author={Chen, Jianxin and Ding, Dawei and Gong, Weiyuan and Huang, Cupjin and Ye, Qi},
  booktitle={Proceedings of the 29th ACM International Conference on Architectural Support for Programming Languages and Operating Systems, Volume 2},
  pages={779--796},
  year={2024},
  publisher={ACM},
  address={La Jolla, CA, USA}
}

@article{abrams2020implementation,
  title={Implementation of XY entangling gates with a single calibrated pulse},
  author={Abrams, Deanna M and Didier, Nicolas and Johnson, Blake R and Silva, Marcus P da and Ryan, Colm A},
  journal={Nature Electronics},
  volume={3},
  number={12},
  pages={744--750},
  year={2020},
  publisher={Nature Publishing Group UK London}
}